@article{lertnattee2004effect,
  title={Effect of term distributions on centroid-based text categorization},
  author={Lertnattee, V. and Theeramunkong, T.},
  journal={Information Sciences},
  volume={158},
  pages={89--115},
  year={2004},
  publisher={Elsevier}
}

